@article{IEEE,
    title = {IEEE Standard for a High Performance Serial Bus},
    author = {{IEEE}},
    journal = {{IEEE} Std 1394-1995},
    pages = {326--327},
    year = {1996},
    doi = {10.1109/IEEESTD.1996.81049},
}

@article{Devillers,
    title = {Verification of a Leader Election Protocol: Formal Methods Applied to {IEEE} 1394},
    author = {Devillers, M. and Griffioen, D. and Romijn, J. and others},
    journal = {Formal Methods in System Design},
    volume = {16},
    pages = {307--320},
    year = {2000},
}
